@inproceedings{ReducedLearningTimeKTH,
  title={Reduced Learning Time with Maintained Learning Outcomes},
  author={B{\"a}lter, Olle and Glassey, Richard and Wiggberg, Mattias},
  booktitle={Proceedings of the 52nd ACM Technical Symposium on Computer 
             Science Education},
  pages={660--665},
  year={2021}
}

@misc{SkolverketGrProg,
  author = {Skolverket},
  title = {{L{\ifmmode\ddot{a}\else\"{a}\fi}roplan (Lgr11) 
           f{\ifmmode\ddot{o}\else\"{o}\fi}r grundskolan samt 
           f{\ifmmode\ddot{o}\else\"{o}\fi}r 
           f{\ifmmode\ddot{o}\else\"{o}\fi}rskoleklassen och fritidshemmet}},
  year = {2021},
  month = {May},
  note = {SKOLFS 2010:261, [Online; hämtad 28 maj 2021]},
  url = 
  {https://www.skolverket.se/undervisning/grundskolan/laroplan-och-kursplaner-for-grundskolan/laroplan-lgr11-for-grundskolan-samt-for-forskoleklassen-och-fritidshemmet?url=1530314731%2Fcompulsorycw%2Fjsp%2Fsubject.htm%3FsubjectCode%3DGRGRMAT01%26tos%3Dgr&sv.url=12.5dfee44715d35a5cdfa219f}
}

@misc{SkolverketGyProg,
  author = {Skolverket},
  title = {{{\ifmmode\ddot{A}\else\"{A}\fi}mnesplan matematik} för 
           gymnasieskolan},
  year = {2021},
  month = {May},
  note = {SKOLFS 2010:37, SKOLFS 2011:19, [Online; hämtad 28 maj 2021]},
  url = 
  {https://www.skolverket.se/undervisning/gymnasieskolan/laroplan-program-och-amnen-i-gymnasieskolan/gymnasieprogrammen/amne?url=1530314731%2Fsyllabuscw%2Fjsp%2Fsubject.htm%3FsubjectCode%3DMAT%26tos%3Dgy&sv.url=12.5dfee44715d35a5cdfa92a3}
}

@article{MeaningsAreAcquired,
  title={Meanings Are Acquired from Experiencing Differences against a 
         Background of Sameness, Rather than from Experiencing Sameness 
         against a Background of Difference: Putting a Conjecture to the Test 
         by Embedding It in a Pedagogical Tool.},
  author={Marton, Ference and Pang, Ming Fai},
  journal={Frontline Learning Research},
  volume={1},
  number={1},
  pages={24--41},
  year={2013},
  publisher={ERIC},
  url={https://eric.ed.gov/?id=EJ1090854},
}

@article{OLIstatistics,
  title={The Open Learning Initiative: Measuring the Effectiveness of the OLI 
         Statistics Course in Accelerating Student Learning.},
  author={Lovett, Marsha and Meyer, Oded and Thille, Candace},
  journal={Journal of Interactive Media in Education},
  year={2008},
  publisher={ERIC}
}

@article{Szekely1950,
  title={Productive processes in learning and thinking.},
  author={Sz{\'e}kely, Lajos},
  journal={Acta psychologica},
  year={1950},
  publisher={Elsevier Science}
}

@article{BransfordSchwartz1999,
  title={Chapter 3: Rethinking transfer: A simple proposal with multiple 
         implications},
  author={Bransford, John D and Schwartz, Daniel L},
  journal={Review of research in education},
  volume={24},
  number={1},
  pages={61--100},
  year={1999},
  publisher={Sage Publications Sage CA: Thousand Oaks, CA}
}
