@inproceedings{ReducedLearningTimeKTH,
  title={Reduced Learning Time with Maintained Learning Outcomes},
  author={B{\"a}lter, Olle and Glassey, Richard and Wiggberg, Mattias},
  booktitle={Proceedings of the 52nd ACM Technical Symposium on Computer 
             Science Education},
  pages={660--665},
  year={2021}
}

